@online{riseset,
	author = "Government of Canada",
    title = "Sunrise/Sunset Calculator",
    publisher = "National Research Council of Canada",
    url = "https://www.nrc-cnrc.gc.ca/eng/services/sunrise/index.html",
}

@online{datadict,
	author = "Transport Canada",
    title = "Data Dictionary NCDB",
    publisher = "Transport Canada",
    url = "https://open.canada.ca/data/en/dataset/1eb9eba7-71d1-4b30-9fb1-30cbdab7e63a",
}

@book{bishop,
    author = "Matt Bishop",
    title = "Introduction to Computer Security",
    publisher = "Addison-Wesley",
    year = "2004"
}

@book{pfhleeger,
	author="Charles P. Pfhleeger and Shari L. Pfhleeger, and Jonathan Margulies",
	title="Security in Computing",
	publisher="Prentice Hall",
	year="2015"
}

@book{garf,
	author="Simson Garfinkel and Gene Spafford, and Alan Schwartz",
	title="Practical UNIX and Internet Security (3rd Edition)",
	publisher="O'Rielly",
	year="2003"
}

@book{fer,
	author="Elena Ferrari",
	title="Access Control in Data Management Systems",
	publisher="Morgan \& Claypool",
	year="2010"
}

@book{smith,
	author="Sean Smith and John Marchesini",
	title="The Craft of System Security",
	publisher="Addison-Wesley",
	year="1997"
}

@article{einstein,
    author = "Albert Einstein",
    title = "{Zur Elektrodynamik bewegter K{\"o}rper}. ({German})
    [{On} the electrodynamics of moving bodies]",
    journal = "Annalen der Physik",
    volume = "322",
    number = "10",
    pages = "891--921",
    year = "1905",
    DOI = "http://dx.doi.org/10.1002/andp.19053221004",
    keywords = "physics"
}

@article{comparativeAnalysis,
    author = "Mir Jahangir Kabir and Shuxiang Xu and Byeong Ho Kang and Zongyuan Zhao",
    title = "Comparative Analysis of Genetic Based Approach and Apriori Algorithm for Mining Maximal Frequent Item Sets",
    year = "2015",
    DOI = "10.1109/CEC.2015.7256872",
}
 

 
@inbook{knuth-fa,
    author = "Donald E. Knuth",
    title = "Fundamental Algorithms",
    publisher = "Addison-Wesley",
    year = "1973",
    chapter = "1.2",
    keywords  = "knuth,programming"
}

@online{deaths,
	author = "Statistics Canada",
    title = "Deaths, by month, Canada, provinces and territories",
    publisher = "Statistics Canada",
    url = "http://www5.statcan.gc.ca/cansim/a26?lang=eng&id=1020502",
}

@online{confusion,
	author = "Freitas, Alex A.",
    title = "A Survey of Evolutionary Algorithms for Data Mining and Knowledge Discovery",
    url = "http://neuro.bstu.by/our/Data-mining/fereitas-ga.pdf",
}